@online{annotationbox,
	title = {Python matplotlib.offsetbox.AnnotationBbox() Examples},
	url = {https://www.programcreek.com/python/example/102441/matplotlib.offsetbox.AnnotationBbox},
	urldate = {2018-02-14},
}

@online{sklearnmap,
	author = {Fabian Pedregosa, Olivier Grisel, Mathieu Blondel, Gael Varoquaux},
	title = {Manifold learning on handwritten digits: Locally Linear Embedding, Isomap},
	url = {https://scikit-learn.org/stable/auto\_examples/manifold/plot\_lle\_digits.html},
    urldates = {2019-02-13}
}