@misc{floatchart,
	author = {Kjell Magne Fauske},
	title = {Example: Simple flow chart},
	url = {http://www.texample.net/tikz/examples/simple-flow-chart/},
	urldate = {2013-12-24},
}

@misc{pseudocode,
	author = {Shava Smallen},
	title = {Pseudo Code},
	url = {http://users.sdsc.edu/~ssmallen/latex/pseudocode.html},
    urldates ={2013-12-24}
}

@book{knuth2006art,
  title={Art of Computer Programming, Volume 4, Fascicle 4, The: Generating All Trees--History of Combinatorial Generation},
  author={Knuth, Donald E},
  year={2006},
  publisher={Addison-Wesley Professional}
}

@article{turing1950computing,
  title={Computing machinery and intelligence},
  author={Turing, Alan M},
  journal={Mind},
  volume={59},
  number={236},
  pages={433--460},
  year={1950},
  publisher={JSTOR}
}


@misc{scatter_plot,
	author = {Ista Zahn},
	title = {Example: Scatterplot},
	url = {http://www.texample.net/tikz/examples/scatterplot/},
	urldate = {2013-12-24},
}

