@article{chawla2004special,
  title={Special issue on learning from imbalanced data sets},
  author={Chawla, Nitesh V and Japkowicz, Nathalie and Kotcz, Aleksander},
  journal={ACM Sigkdd Explorations Newsletter},
  volume={6},
  number={1},
  pages={1--6},
  year={2004},
  publisher={ACM}
}

@online{sklearnmap,
	author = {Fabian Pedregosa, Olivier Grisel, Mathieu Blondel, Gael Varoquaux},
	title = {Manifold learning on handwritten digits: Locally Linear Embedding, Isomap},
	url = {https://scikit-learn.org/stable/auto\_examples/manifold/plot\_lle\_digits.html},
    urldates = {2019-02-13}
}